@book{Reynolds1903,
  title = {Papers on Mechanical and Physical Subjects, The Sub-Mechanics of the Universe},
  volume = {3},
  year = {1903},
  author = {Reynolds, O},
  publisher = {Cambridge University Press, Cambridge}
}

@book{KunduCohenDowling,
  title={Fluid Mechanics},
  author={Kundu, P. K., Cohen, I. M. and Dowling, D. R.},
  edition={5},
  year={2012},
  publisher={Elsevier, Academic Press}
}

@article{Badia,
  title={Coupling Biot and Navier–Stokes equations for modelling
fluid–poroelastic media interaction},
  author={Badia, S., Quaini, A. and Quarteroni, A.},
  year={2009},
  publisher={Elsevier},
  journal={Journal of Computational Physics},
  volume={228}
}

@book{newman77,
title={Marine Hydrodynamics},
author={Newman, John Nicholas},
year={1977},
publisher={The MIT Press}
}

@article{Ozawa,
  title={Mechanical properties and function of the spinal pia mater},
  author={Ozawa, H., Matsumoto, T., Ohashi, T., Sato, M. and Kokubun, S.},
  journal={Journal of Neurosurgery},
  volume={1},
  number={1},
  pages={122--127},
  year={2004}
}

@book{White,
	title={Viscous Fluid Flow},
	author={White, Frank M.},
	year={2006},
	edition={3},
	publisher={McGraw-Hill}
}

@book{Wang,
	title={Theory of Linear Poroelasticity with Applications to Geomechanics and Hydrogeology},
	author={Wang, Herbert F.},
	publisher={Princeton University Press},
	year={2000}
}
